
@inproceedings{goodfellow2013maxout,
  title={Maxout networks},
  author={Goodfellow, Ian and Warde-Farley, David and Mirza, Mehdi and Courville, Aaron and Bengio, Yoshua},
  booktitle={International conference on machine learning},
  pages={1319--1327},
  year={2013},
  organization={PMLR}
}

@article{srivastava2014dropout,
  title={Dropout: a simple way to prevent neural networks from overfitting},
  author={Srivastava, Nitish and Hinton, Geoffrey and Krizhevsky, Alex and Sutskever, Ilya and Salakhutdinov, Ruslan},
  journal={The journal of machine learning research},
  volume={15},
  number={1},
  pages={1929--1958},
  year={2014},
  publisher={JMLR. org}
}

@book{Goodfellow-et-al-2016,
    title={Deep Learning},
    author={Ian Goodfellow and Yoshua Bengio and Aaron Courville},
    publisher={MIT Press},
    note={\url{http://www.deeplearningbook.org}},
    year={2016}
}

@inproceedings{ng2004feature,
  title={Feature selection, L1 vs. L2 regularization, and rotational invariance},
  author={Ng, Andrew Y},
  booktitle={Proceedings of the twenty-first international conference on Machine learning},
  pages={78},
  year={2004}
}

@article{DBLP:journals/corr/ZagoruykoK16,
  author    = {Sergey Zagoruyko and
               Nikos Komodakis},
  title     = {Wide Residual Networks},
  journal   = {CoRR},
  volume    = {abs/1605.07146},
  year      = {2016},
  url       = {http://arxiv.org/abs/1605.07146},
  eprinttype = {arXiv},
  eprint    = {1605.07146},
  timestamp = {Mon, 13 Aug 2018 16:46:42 +0200},
  biburl    = {https://dblp.org/rec/journals/corr/ZagoruykoK16.bib},
  bibsource = {dblp computer science bibliography, https://dblp.org}
}

@misc{Explained_regularization_2021, url={https://explained.ai/regularization/L1vsL2.html}, journal={Explained.ai}, year={2021},
title={The difference between L1 and L2 regularization}
}

@misc{neelam_tyagi_2021, title={L2 vs L1 Regularization in Machine Learning | Ridge and Lasso Regularization}, url={https://www.analyticssteps.com/blogs/l2-and-l1-regularization-machine-learning}, journal={AnalyticsSteps}, author={Neelam Tyagi}, year={2021} }

